<record><leader>00000cas a2200000 i 4500</leader><controlfield tag="001">13177584</controlfield><controlfield tag="008">860220d18931uuuinuwr ne      0    0eng c</controlfield><datafield ind1=" " ind2=" " tag="010"><subfield code="a">sn 86058257 </subfield></datafield><datafield ind1=" " ind2=" " tag="040"><subfield code="a">NPI</subfield><subfield code="b">eng</subfield><subfield code="e">rda</subfield><subfield code="c">NPI</subfield><subfield code="d">OCLCQ</subfield><subfield code="d">IUL</subfield><subfield code="d">OCLCF</subfield></datafield><datafield ind1="1" ind2=" " tag="029"><subfield code="a">AU@</subfield><subfield code="b">000025801465</subfield></datafield><datafield ind1=" " ind2=" " tag="042"><subfield code="a">pcc</subfield></datafield><datafield ind1=" " ind2=" " tag="043"><subfield code="a">n-us-in</subfield></datafield><datafield ind1="0" ind2=" " tag="130"><subfield code="a">Weekly commercial (Portland, Ind.)</subfield></datafield><datafield ind1="1" ind2="0" tag="245"><subfield code="a">Weekly commercial.</subfield></datafield><datafield ind1=" " ind2="1" tag="264"><subfield code="a">Portland, Ind. :</subfield><subfield code="b">E.J. Marsh</subfield></datafield><datafield ind1=" " ind2=" " tag="300"><subfield code="a">volumes</subfield></datafield><datafield ind1=" " ind2=" " tag="336"><subfield code="a">text</subfield><subfield code="b">txt</subfield><subfield code="2">rdacontent</subfield></datafield><datafield ind1=" " ind2=" " tag="337"><subfield code="a">unmediated</subfield><subfield code="b">n</subfield><subfield code="2">rdamedia</subfield></datafield><datafield ind1=" " ind2=" " tag="338"><subfield code="a">volume</subfield><subfield code="b">nc</subfield><subfield code="2">rdacarrier</subfield></datafield><datafield ind1="1" ind2=" " tag="362"><subfield code="a">Began in 1893.</subfield></datafield><datafield ind1=" " ind2=" " tag="500"><subfield code="a">Continued by a "Commercial" published four times a week. Cf. Ayer, N.W. &amp; Sons, American newspaper annual and directory.</subfield></datafield><datafield ind1=" " ind2=" " tag="580"><subfield code="a">Daily ed.: Daily commercial (Portland, Ind. : 1893).</subfield></datafield><datafield ind1=" " ind2=" " tag="588"><subfield code="a">Description based on: Volume XXXII, number 22 (January 7, 1897); title from masthead, U.S. Newspaper Archive (viewed July 21, 2017).</subfield></datafield><datafield ind1=" " ind2=" " tag="588"><subfield code="a">Latest issue consulted: Volume XXXIII, number 21 (December 30, 1897); U.S. Newspaper Archive (viewed July 21, 2017).</subfield></datafield><datafield ind1=" " ind2="0" tag="651"><subfield code="a">Portland (Ind.)</subfield><subfield code="v">Newspapers.</subfield></datafield><datafield ind1=" " ind2="0" tag="651"><subfield code="a">Jay County (Ind.)</subfield><subfield code="v">Newspapers.</subfield></datafield><datafield ind1=" " ind2="7" tag="651"><subfield code="a">Indiana</subfield><subfield code="z">Jay County.</subfield><subfield code="2">fast</subfield><subfield code="0">(OCoLC)fst01208876</subfield></datafield><datafield ind1=" " ind2="7" tag="651"><subfield code="a">Indiana</subfield><subfield code="z">Portland.</subfield><subfield code="2">fast</subfield><subfield code="0">(OCoLC)fst01235716</subfield></datafield><datafield ind1=" " ind2="7" tag="655"><subfield code="a">Newspapers.</subfield><subfield code="2">fast</subfield><subfield code="0">(OCoLC)fst01423814</subfield></datafield><datafield ind1=" " ind2=" " tag="752"><subfield code="a">United States</subfield><subfield code="b">Indiana</subfield><subfield code="c">Jay</subfield><subfield code="d">Portland.</subfield></datafield><datafield ind1="1" ind2=" " tag="775"><subfield code="t">Daily commercial (Portland, Ind. : 1893)</subfield><subfield code="w">(DLC)sn 86058256</subfield><subfield code="w">(OCoLC)13177641</subfield></datafield><datafield ind1="0" ind2="0" tag="780"><subfield code="t">Portland commercial</subfield><subfield code="w">(DLC)sn 84038007</subfield><subfield code="w">(OCoLC)11175795</subfield></datafield><datafield ind1="4" ind2="1" tag="856"><subfield code="u">https://access.newspaperarchive.com/us/indiana/portland/portland-weekly-commercial/</subfield></datafield></record>